%% This BibTeX bibliography file was created using BibDesk.
%% http://bibdesk.sourceforge.net/

%% Created for John Paige at 2018-01-08 11:54:16 -0800 


%% Saved with string encoding Unicode (UTF-8) 



@article{GPS7,
	Author = {Herring, Thomas A and Melbourne, Timothy I and Murray, Mark H and Floyd, Michael A and Szeliga, Walter M and King, Robert W and Phillips, David A and Puskas, Christine M and Santillan, Marcelo and Wang, Lei},
	Date-Added = {2017-12-31 01:34:45 +0000},
	Date-Modified = {2017-12-31 01:41:03 +0000},
	Journal = {Rev. Geophys.},
	Publisher = {Wiley Online Library},
	Title = {Plate {B}oundary {O}bservatory and related networks: {GPS} data analysis methods and geodetic products},
	Year = {2016}}

@article{pollitz2008,
	Author = {Pollitz, Fred F and McCrory, Patricia and Svarc, Jerry and Murray, Jessica},
	Date-Added = {2017-12-30 07:51:49 +0000},
	Date-Modified = {2017-12-31 01:42:41 +0000},
	Journal = {J. Geophys. Res-Sol. Ea.},
	Number = {B4},
	Publisher = {Wiley Online Library},
	Title = {Dislocation models of interseismic deformation in the western {U}nited {S}tates},
	Volume = {113},
	Year = {2008}}

@techreport{hazardMaps2014,
	Address = {Reston, VA},
	Author = {Petersen, Mark D. and Moschetti, Morgan P. and Powers, Peter M. and Mueller, Charles S. and Haller, Kathleen M. and Frankel, Arthur D. and Zeng, Yuehua and Rezaeian, Sanaz and Harmsen, Stephen C. and Boyd, Oliver S. and Field, Edward and Chen, Rui and Rukstales, Kenneth S. and Luco, Nico and Wheeler, Russell L. and Williams, Robert A. and Olsen, Anna H.},
	Date-Added = {2017-12-29 00:46:22 +0000},
	Date-Modified = {2017-12-31 01:41:21 +0000},
	Doi = {10.3133/ofr20141091},
	Institution = {U. S. Geological Survey},
	Number = {2014-1091},
	Title = {Documentation for the 2014 update of the {U}nited {S}tates national seismic hazard maps},
	Type = {Open-File Report},
	Url = {http://pubs.er.usgs.gov/publication/ofr20141091},
	Year = {2014},
	Bdsk-Url-1 = {http://pubs.er.usgs.gov/publication/ofr20141091},
	Bdsk-Url-2 = {http://dx.doi.org/10.3133/ofr20141091}}

@article{GPS6,
	Author = {Loveless, John P and Meade, Brendan J},
	Date-Added = {2017-12-28 22:57:40 +0000},
	Date-Modified = {2017-12-28 22:58:07 +0000},
	Journal = {Geology},
	Number = {11},
	Pages = {1035--1038},
	Publisher = {Geological Society of America},
	Title = {Stress modulation on the {S}an {A}ndreas fault by interseismic fault system interactions},
	Volume = {39},
	Year = {2011}}

@article{GPS5,
	Author = {McCaffrey, Robert and Qamar, Anthony I and King, Robert W and Wells, Ray and Khazaradze, Giorgi and Williams, Charles A and Stevens, Colleen W and Vollick, Jesse J and Zwick, Peter C},
	Date-Added = {2017-12-28 22:56:18 +0000},
	Date-Modified = {2017-12-31 01:39:59 +0000},
	Journal = {Geophys. J. Int.},
	Number = {3},
	Pages = {1315--1340},
	Publisher = {Blackwell Publishing Ltd Oxford, UK},
	Title = {Fault locking, block rotation and crustal deformation in the {P}acific {N}orthwest},
	Volume = {169},
	Year = {2007}}

@article{GPS4,
	Author = {Williams, Todd B and Kelsey, Harvey M and Freymueller, Jeffrey T},
	Date-Added = {2017-12-28 22:54:44 +0000},
	Date-Modified = {2017-12-28 22:55:43 +0000},
	Journal = {Tectonophysics},
	Number = {3},
	Pages = {171--184},
	Publisher = {Elsevier},
	Title = {{GPS}-derived strain in northwestern {C}alifornia: Termination of the {S}an {A}ndreas fault system and convergence of the {S}ierra {N}evada--{G}reat {V}alley block contribute to southern {C}ascadia forearc contraction},
	Volume = {413},
	Year = {2006}}

@article{GPS3,
	Author = {Hammond, William C and Thatcher, Wayne},
	Date-Added = {2017-12-28 22:53:49 +0000},
	Date-Modified = {2017-12-31 01:39:35 +0000},
	Journal = {J. Geophys. Res-Sol. Ea.},
	Number = {B10},
	Publisher = {Wiley Online Library},
	Title = {Northwest Basin and Range tectonic deformation observed with the Global Positioning System, 1999--2003},
	Volume = {110},
	Year = {2005}}

@article{GPS2,
	Author = {Shen, ZK and Agnew, DC and King, RW and Dong, D and Herring, TA and Wang, M and Johnson, H and Anderson, G and Nikolaidis, R and van Domselaar, M and others},
	Date-Added = {2017-12-28 22:51:33 +0000},
	Date-Modified = {2017-12-31 01:38:56 +0000},
	Journal = {South. Calif. Earthquake Cent., Los Angeles. (Available at http://epicenter. usc. edu/cmm3)},
	Lastchecked = {November 2011},
	Title = {The {SCEC} crustal motion map, version 3.0},
	Year = {2003}}

@article{GPS1,
	Author = {McClusky, SC and Bjornstad, SC and Hager, Bradford H and King, RW and Meade, BJ and Miller, MM and Monastero, FC and Souter, BJ},
	Date-Added = {2017-12-28 22:50:48 +0000},
	Date-Modified = {2017-12-31 01:38:39 +0000},
	Journal = {Geophys. Res. Lett.},
	Number = {17},
	Pages = {3369--3372},
	Publisher = {Wiley Online Library},
	Title = {Present day kinematics of the eastern {C}alifornia shear zone from a geodetically constrained block model},
	Volume = {28},
	Year = {2001}}

@book{CasellaBerger,
	Author = {Casella, George and Berger, Roger L},
	Date-Added = {2017-12-28 21:37:07 +0000},
	Date-Modified = {2017-12-28 21:37:23 +0000},
	Publisher = {Duxbury Pacific Grove, CA},
	Title = {Statistical inference},
	Volume = {2},
	Year = {2002}}

@book{faultGeom2,
	Author = {McCrory, Patricia Alison and Blair, J Luke and Oppenheimer, David H and Walter, Stephen Richard},
	Date-Added = {2017-12-27 23:31:45 +0000},
	Date-Modified = {2017-12-30 07:52:40 +0000},
	Publisher = {{US} Department of the Interior, {US} Geological Survey},
	Title = {Depth to the {J}uan de {F}uca slab beneath the {C}ascadia subduction margin: A 3-{D} model for sorting earthquakes},
	Year = {2004}}

@article{duputel2015,
	Author = {Duputel, Zacharie and Jiang, Junle and Jolivet, Romain and Simons, Mark and Rivera, Luis and Ampuero, J-P and Riel, Bryan and Owen, Susan E and Moore, Angelyn W and Samsonov, Sergey V and others},
	Date-Added = {2017-12-27 23:02:19 +0000},
	Date-Modified = {2017-12-31 01:38:13 +0000},
	Journal = {Geophys. Res. Lett.},
	Number = {19},
	Pages = {7949--7957},
	Publisher = {Wiley Online Library},
	Title = {The {I}quique earthquake sequence of {A}pril 2014: {B}ayesian modeling accounting for prediction uncertainty},
	Volume = {42},
	Year = {2015}}

@article{minson2013,
	Author = {Minson, SE and Simons, M and Beck, JL},
	Date-Added = {2017-12-27 22:58:34 +0000},
	Date-Modified = {2017-12-31 01:42:23 +0000},
	Journal = {Geophys. J. Int.},
	Number = {3},
	Pages = {1701--1726},
	Publisher = {Oxford University Press},
	Title = {Bayesian inversion for finite fault earthquake source models {I}---{T}heory and algorithm},
	Volume = {194},
	Year = {2013}}

@article{stein2012,
	Author = {Stein, Seth and Geller, Robert J and Liu, Mian},
	Date-Added = {2017-12-27 22:57:04 +0000},
	Date-Modified = {2018-01-08 19:54:16 +0000},
	Journal = {Tectonophysics},
	Pages = {1--25},
	Publisher = {Elsevier},
	Title = {Why earthquake hazard maps often fail and what to do about it},
	Volume = {562},
	Year = {2012}}

@article{clarkeCarver1992,
	Author = {Clarke Jr, Samuel H and Carver, Gary A},
	Date-Added = {2017-12-15 10:10:13 +0000},
	Date-Modified = {2017-12-15 10:10:40 +0000},
	Journal = {Science},
	Number = {5041},
	Pages = {188},
	Publisher = {The American Association for the Advancement of Science},
	Title = {Late Holocene tectonics and paleoseismicity, southern {C}ascadia subduction zone},
	Volume = {255},
	Year = {1992}}

@article{slabGeom,
	Author = {McCrory, Patricia A and Blair, J Luke and Waldhauser, Felix and Oppenheimer, David H},
	Date-Added = {2017-12-14 04:58:35 +0000},
	Date-Modified = {2017-12-31 01:43:03 +0000},
	Journal = {J. Geophys. Res-Sol. Ea.},
	Number = {B9},
	Publisher = {Wiley Online Library},
	Title = {Juan de {F}uca slab geometry and its relation to {W}adati-{B}enioff zone seismicity},
	Volume = {117},
	Year = {2012}}

@article{stickBreaking,
	Author = {Reich, Brian J and Fuentes, Montserrat},
	Date-Added = {2017-11-09 05:10:31 +0000},
	Date-Modified = {2017-12-31 01:43:56 +0000},
	Journal = {Ann. Appl. Stat.},
	Pages = {249--264},
	Publisher = {JSTOR},
	Title = {A multivariate semiparametric {B}ayesian spatial modeling framework for hurricane surface wind fields},
	Year = {2007}}

@article{pollitz2017,
	Author = {Pollitz, FF and Evans, EL},
	Date-Added = {2017-10-30 23:19:42 +0000},
	Date-Modified = {2017-12-31 01:42:50 +0000},
	Journal = {Geophys. J. Int.},
	Number = {1},
	Pages = {167--185},
	Publisher = {Oxford University Press},
	Title = {Implications of the earthquake cycle for inferring fault locking on the {C}ascadia megathrust},
	Volume = {209},
	Year = {2017}}

@book{steinBook,
	Author = {Stein, Michael L},
	Date-Added = {2017-10-30 22:18:45 +0000},
	Date-Modified = {2017-10-30 22:36:37 +0000},
	Publisher = {Springer Science \&amp; Business Media},
	Title = {Interpolation of spatial data: some theory for kriging},
	Year = {2012}}

@book{BFGS,
	Author = {Nash, John C},
	Date-Added = {2017-09-27 21:04:10 +0000},
	Date-Modified = {2017-09-27 21:07:17 +0000},
	Publisher = {{CRC} press},
	Title = {Compact numerical methods for computers: linear algebra and function minimisation},
	Year = {1990}}

@article{kriging,
	Author = {Krige, Daniel G},
	Date-Added = {2017-08-24 20:19:09 +0000},
	Date-Modified = {2017-08-28 23:01:17 +0000},
	Journal = {J. South Afr. Inst. Min. Metall.},
	Number = {6},
	Pages = {119--139},
	Publisher = {Southern African Institute of Mining and Metallurgy},
	Title = {A statistical approach to some basic mine valuation problems on the {W}itwatersrand},
	Volume = {52},
	Year = {1951}}

@article{mccaffrey2013,
	Author = {McCaffrey, Robert and King, Robert W and Payne, Suzette J and Lancaster, Matthew},
	Date-Added = {2017-08-03 02:20:48 +0000},
	Date-Modified = {2017-08-28 23:02:03 +0000},
	Journal = {J. Geophys. Res-Sol. Ea.},
	Number = {2},
	Pages = {709--723},
	Publisher = {Wiley Online Library},
	Title = {Active tectonics of northwestern {US} inferred from {GPS}-derived surface velocities},
	Volume = {118},
	Year = {2013}}

@book{handbook,
	Author = {Gelfand, Alan E and Diggle, Peter and Guttorp, Peter and Fuentes, Montserrat},
	Date-Added = {2017-08-03 00:57:33 +0000},
	Date-Modified = {2017-08-03 00:58:59 +0000},
	Publisher = {CRC press},
	Title = {Handbook of spatial statistics},
	Year = {2010}}

@article{mai2002,
	Author = {Mai, P Martin and Beroza, Gregory C},
	Date-Added = {2017-08-02 23:49:38 +0000},
	Date-Modified = {2017-08-28 23:01:52 +0000},
	Journal = {J. Geophys. Res-Sol. Ea.},
	Number = {B11},
	Publisher = {Wiley Online Library},
	Title = {A spatial random field model to characterize complexity in earthquake slip},
	Volume = {107},
	Year = {2002}}

@article{leveque2016,
	Author = {LeVeque, Randall J and Waagan, Knut and Gonz{\'a}lez, Frank I and Rim, Donsub and Lin, Guang},
	Date-Added = {2017-08-02 20:36:29 +0000},
	Date-Modified = {2017-08-28 23:01:38 +0000},
	Journal = {Pure Appl. Geophys.},
	Number = {12},
	Pages = {3671--3692},
	Publisher = {Springer},
	Title = {Generating random earthquake events for probabilistic tsunami hazard assessment},
	Volume = {173},
	Year = {2016}}

@article{okada,
	Author = {Okada, Yoshimitsu},
	Date-Added = {2017-08-02 19:38:56 +0000},
	Date-Modified = {2017-08-28 23:02:36 +0000},
	Journal = {Bull. Seismol. Soc. Am.},
	Number = {4},
	Pages = {1135--1154},
	Publisher = {Seismological Society of America},
	Title = {Surface deformation due to shear and tensile faults in a half-space},
	Volume = {75},
	Year = {1985}}

@article{wang2013,
	Author = {Wang, Pei-Ling and Engelhart, Simon E and Wang, Kelin and Hawkes, Andrea D and Horton, Benjamin P and Nelson, Alan R and Witter, Robert C},
	Date-Added = {2017-07-26 18:59:28 +0000},
	Date-Modified = {2017-08-28 23:05:50 +0000},
	Journal = {J. Geophys. Res-Sol. Ea.},
	Number = {5},
	Pages = {2460--2473},
	Publisher = {Wiley Online Library},
	Title = {Heterogeneous rupture in the great {C}ascadia earthquake of 1700 inferred from coastal subsidence estimates},
	Volume = {118},
	Year = {2013}}

@article{wang2012,
	Author = {Wang, Kelin and Hu, Yan and He, Jiangheng},
	Date-Added = {2017-07-26 18:58:32 +0000},
	Date-Modified = {2017-08-28 23:05:37 +0000},
	Journal = {Nat.},
	Number = {7394},
	Pages = {327},
	Publisher = {Nature Publishing Group},
	Title = {Deformation cycles of subduction earthquakes in a viscoelastic {E}arth},
	Volume = {484},
	Year = {2012}}

@article{palacios2006non,
	Author = {Palacios, M Blanca and Steel, Mark F J},
	Date-Added = {2017-07-05 19:34:39 +0000},
	Date-Modified = {2017-07-05 19:40:54 +0000},
	Journal = {J. Am. Stat. Assoc.},
	Number = {474},
	Pages = {604--618},
	Title = {Non-{G}aussian {B}ayesian geostatistical modeling},
	Volume = {101},
	Year = {2006}}

@article{evans2015,
	Author = {Evans, Eileen L and Loveless, John P and Meade, Brendan J},
	Date-Added = {2017-07-05 05:54:34 +0000},
	Date-Modified = {2017-07-23 22:24:57 +0000},
	Journal = {Geophys. J. Int.},
	Number = {2},
	Pages = {713--727},
	Title = {Total variation regularization of geodetically and geologically constrained block models for the {W}estern {U}nited {S}tates},
	Volume = {202},
	Year = {2015}}

@article{goldfinger2012,
	Author = {Goldfinger, Chris and Nelson, C Hans and Morey, Ann E and Johnson, Joel E and Patton, Jason R and Karabanov, Eugene and Gutierrez-Pastor, Julia and Eriksson, Andrew T and Gracia, Eulalia and Dunhill, Gita and others},
	Date-Added = {2017-07-04 19:24:53 +0000},
	Date-Modified = {2017-08-02 19:52:34 +0000},
	Journal = {{US} Geol. Survey Professional Paper},
	Pages = {170},
	Title = {Turbidite event history: Methods and implications for {H}olocene paleoseismicity of the {C}ascadia subduction zone},
	Volume = {1661},
	Year = {2012}}

@article{kijko2004estimation,
	Author = {Kijko, Andrzej},
	Date-Added = {2017-07-04 19:23:52 +0000},
	Date-Modified = {2017-07-04 19:31:55 +0000},
	Journal = {Pure Appl. Geophys.},
	Number = {8},
	Pages = {1655--1681},
	Publisher = {Springer},
	Title = {Estimation of the maximum earthquake magnitude, $m_{\text{max}}$},
	Volume = {161},
	Year = {2004}}

@article{faultGeom,
	Author = {Pollitz, FF and McCrory, Patricia and Wilson, Doug and Svarc, Jerry and Puskas, Christine and Smith, Robert B},
	Date-Added = {2017-07-04 19:23:02 +0000},
	Date-Modified = {2017-12-30 19:56:23 +0000},
	Journal = {Geophys. J. Int.},
	Number = {2},
	Pages = {665--696},
	Title = {Viscoelastic-cycle model of interseismic deformation in the northwestern {U}nited {S}tates},
	Volume = {181},
	Year = {2010}}

@article{leonard2010,
	Author = {Leonard, Lucinda J and Currie, Claire A and Mazzotti, St{\'e}phane and Hyndman, Roy D},
	Date-Added = {2017-07-04 19:22:07 +0000},
	Date-Modified = {2017-07-23 22:16:21 +0000},
	Journal = {Geol. Soc. Am. Bull.},
	Number = {11-12},
	Pages = {2079--2096},
	Title = {Rupture area and displacement of past {C}ascadia great earthquakes from coastal coseismic subsidence},
	Volume = {122},
	Year = {2010}}

@article{melgar2016,
	Author = {Melgar, Diego and LeVeque, Randall J and Dreger, Douglas S and Allen, Richard M},
	Date-Added = {2017-07-04 19:21:00 +0000},
	Date-Modified = {2017-08-03 01:55:46 +0000},
	Journal = {J. Geophys. Res-Sol. Ea.},
	Number = {9},
	Pages = {6658--6674},
	Publisher = {Wiley Online Library},
	Title = {Kinematic rupture scenarios and synthetic displacement data: An example application to the {C}ascadia {S}ubduction {Z}one},
	Volume = {121},
	Year = {2016}}

@article{witter2013,
	Author = {Witter, Robert C and Zhang, Yinglong J and Wang, Kelin and Priest, George R and Goldfinger, Chris and Stimely, Laura and English, John T and Ferro, Paul A},
	Date-Added = {2017-07-04 19:20:13 +0000},
	Date-Modified = {2017-08-02 23:43:57 +0000},
	Journal = {Geosphere},
	Number = {6},
	Pages = {1783--1803},
	Publisher = {Geological Society of America},
	Title = {Simulated tsunami inundation for a range of {C}ascadia megathrust earthquake scenarios at {B}andon, {O}regon, {USA}},
	Volume = {9},
	Year = {2013}}

@article{witter2011,
	Author = {Witter, Robert C and Zhang, Yinglong and Wang, Kelin and Priest, George R and Goldfinger, Chris and Stimely, Laura L and English, John T and Ferro, Paul A},
	Date-Added = {2017-07-04 19:19:28 +0000},
	Date-Modified = {2017-08-02 23:43:50 +0000},
	Journal = {Oregon Dept. Geol. and Mineral Industries Spec. Paper},
	Pages = {57},
	Publisher = {Citeseer},
	Title = {Simulating tsunami inundation at {B}andon, {C}oos {County}, {Oregon}, using hypothetical {C}ascadia and {A}laska earthquake scenarios},
	Volume = {43},
	Year = {2011}}

@article{priest2010confidence,
	Author = {Priest, George R and Goldfinger, Chris and Wang, Kelin and Witter, Robert C and Zhang, Yinglong and Baptista, Ant{\'o}nio M},
	Date-Added = {2017-07-04 19:18:12 +0000},
	Date-Modified = {2017-07-04 19:31:12 +0000},
	Journal = {Nat. Hazards},
	Number = {1},
	Pages = {27--73},
	Publisher = {Springer},
	Title = {Confidence levels for tsunami-inundation limits in northern {O}regon inferred from a 10,000-year history of great earthquakes at the {C}ascadia subduction zone},
	Volume = {54},
	Year = {2010}}

@article{lavallee2006,
	Author = {Lavall{\'e}e, Daniel and Liu, Pengcheng and Archuleta, Ralph J},
	Date-Added = {2017-07-04 19:16:38 +0000},
	Date-Modified = {2017-08-02 23:48:43 +0000},
	Journal = {Geophys. J. Int.},
	Number = {2},
	Pages = {622--640},
	Publisher = {Blackwell Publishing Ltd Oxford, UK},
	Title = {Stochastic model of heterogeneity in earthquake slip spatial distributions},
	Volume = {165},
	Year = {2006}}
