%% This BibTeX bibliography file was created using BibDesk.
%% http://bibdesk.sourceforge.net/

%% Created for John Paige at 2017-08-24 13:20:18 -0700 


%% Saved with string encoding Unicode (UTF-8) 



@article{kriging,
	Author = {Krige, Daniel G},
	Date-Added = {2017-08-24 20:19:09 +0000},
	Date-Modified = {2017-08-24 20:19:36 +0000},
	Journal = {Journal of the {S}outhern {A}frican Institute of Mining and Metallurgy},
	Number = {6},
	Pages = {119--139},
	Publisher = {Southern African Institute of Mining and Metallurgy},
	Title = {A statistical approach to some basic mine valuation problems on the {W}itwatersrand},
	Volume = {52},
	Year = {1951}}

@article{mccaffrey2013,
	Author = {McCaffrey, Robert and King, Robert W and Payne, Suzette J and Lancaster, Matthew},
	Date-Added = {2017-08-03 02:20:48 +0000},
	Date-Modified = {2017-08-03 02:21:04 +0000},
	Journal = {Journal of Geophysical Research: Solid Earth},
	Number = {2},
	Pages = {709--723},
	Publisher = {Wiley Online Library},
	Title = {Active tectonics of northwestern {US} inferred from {GPS}-derived surface velocities},
	Volume = {118},
	Year = {2013}}

@book{handbook,
	Author = {Gelfand, Alan E and Diggle, Peter and Guttorp, Peter and Fuentes, Montserrat},
	Date-Added = {2017-08-03 00:57:33 +0000},
	Date-Modified = {2017-08-03 00:58:59 +0000},
	Publisher = {CRC press},
	Title = {Handbook of spatial statistics},
	Year = {2010}}

@article{mai2002,
	Author = {Mai, P Martin and Beroza, Gregory C},
	Date-Added = {2017-08-02 23:49:38 +0000},
	Date-Modified = {2017-08-02 23:49:49 +0000},
	Journal = {Journal of Geophysical Research: Solid Earth},
	Number = {B11},
	Publisher = {Wiley Online Library},
	Title = {A spatial random field model to characterize complexity in earthquake slip},
	Volume = {107},
	Year = {2002}}

@article{leveque2016,
	Author = {LeVeque, Randall J and Waagan, Knut and Gonz{\'a}lez, Frank I and Rim, Donsub and Lin, Guang},
	Date-Added = {2017-08-02 20:36:29 +0000},
	Date-Modified = {2017-08-02 20:37:16 +0000},
	Journal = {Pure and Applied Geophysics},
	Number = {12},
	Pages = {3671--3692},
	Publisher = {Springer},
	Title = {Generating random earthquake events for probabilistic tsunami hazard assessment},
	Volume = {173},
	Year = {2016}}

@article{okada,
	Author = {Okada, Yoshimitsu},
	Date-Added = {2017-08-02 19:38:56 +0000},
	Date-Modified = {2017-08-02 19:39:18 +0000},
	Journal = {Bulletin of the seismological society of {A}merica},
	Number = {4},
	Pages = {1135--1154},
	Publisher = {Seismological Society of America},
	Title = {Surface deformation due to shear and tensile faults in a half-space},
	Volume = {75},
	Year = {1985}}

@article{wang2013,
	Author = {Wang, Pei-Ling and Engelhart, Simon E and Wang, Kelin and Hawkes, Andrea D and Horton, Benjamin P and Nelson, Alan R and Witter, Robert C},
	Date-Added = {2017-07-26 18:59:28 +0000},
	Date-Modified = {2017-07-26 18:59:50 +0000},
	Journal = {Journal of Geophysical Research: Solid Earth},
	Number = {5},
	Pages = {2460--2473},
	Publisher = {Wiley Online Library},
	Title = {Heterogeneous rupture in the great {C}ascadia earthquake of 1700 inferred from coastal subsidence estimates},
	Volume = {118},
	Year = {2013}}

@article{wang2012,
	Author = {Wang, Kelin and Hu, Yan and He, Jiangheng},
	Date-Added = {2017-07-26 18:58:32 +0000},
	Date-Modified = {2017-07-26 19:00:10 +0000},
	Journal = {Nature},
	Number = {7394},
	Pages = {327},
	Publisher = {Nature Publishing Group},
	Title = {Deformation cycles of subduction earthquakes in a viscoelastic {E}arth},
	Volume = {484},
	Year = {2012}}

@article{palacios2006non,
	Author = {Palacios, M Blanca and Steel, Mark F J},
	Date-Added = {2017-07-05 19:34:39 +0000},
	Date-Modified = {2017-07-05 19:40:54 +0000},
	Journal = {J. Am. Stat. Assoc.},
	Number = {474},
	Pages = {604--618},
	Title = {Non-{G}aussian {B}ayesian geostatistical modeling},
	Volume = {101},
	Year = {2006}}

@article{evans2015,
	Author = {Evans, Eileen L and Loveless, John P and Meade, Brendan J},
	Date-Added = {2017-07-05 05:54:34 +0000},
	Date-Modified = {2017-07-23 22:24:57 +0000},
	Journal = {Geophys. J. Int.},
	Number = {2},
	Pages = {713--727},
	Title = {Total variation regularization of geodetically and geologically constrained block models for the {W}estern {U}nited {S}tates},
	Volume = {202},
	Year = {2015}}

@article{goldfinger2012,
	Author = {Goldfinger, Chris and Nelson, C Hans and Morey, Ann E and Johnson, Joel E and Patton, Jason R and Karabanov, Eugene and Gutierrez-Pastor, Julia and Eriksson, Andrew T and Gracia, Eulalia and Dunhill, Gita and others},
	Date-Added = {2017-07-04 19:24:53 +0000},
	Date-Modified = {2017-08-02 19:52:34 +0000},
	Journal = {{US} Geol. Survey Professional Paper},
	Pages = {170},
	Title = {Turbidite event history: Methods and implications for {H}olocene paleoseismicity of the {C}ascadia subduction zone},
	Volume = {1661},
	Year = {2012}}

@article{kijko2004estimation,
	Author = {Kijko, Andrzej},
	Date-Added = {2017-07-04 19:23:52 +0000},
	Date-Modified = {2017-07-04 19:31:55 +0000},
	Journal = {Pure Appl. Geophys.},
	Number = {8},
	Pages = {1655--1681},
	Publisher = {Springer},
	Title = {Estimation of the maximum earthquake magnitude, $m_{\text{max}}$},
	Volume = {161},
	Year = {2004}}

@article{faultGeom,
	Author = {Pollitz, FF and McCrory, Patricia and Wilson, Doug and Svarc, Jerry and Puskas, Christine and Smith, Robert B},
	Date-Added = {2017-07-04 19:23:02 +0000},
	Date-Modified = {2017-07-23 22:47:58 +0000},
	Journal = {Geophys. J. Int.},
	Number = {2},
	Pages = {665--696},
	Title = {Viscoelastic-cycle model of interseismic deformation in the northwestern {U}nited {S}tates},
	Volume = {181},
	Year = {2010}}

@article{leonard2010,
	Author = {Leonard, Lucinda J and Currie, Claire A and Mazzotti, St{\'e}phane and Hyndman, Roy D},
	Date-Added = {2017-07-04 19:22:07 +0000},
	Date-Modified = {2017-07-23 22:16:21 +0000},
	Journal = {Geol. Soc. Am. Bull.},
	Number = {11-12},
	Pages = {2079--2096},
	Title = {Rupture area and displacement of past {C}ascadia great earthquakes from coastal coseismic subsidence},
	Volume = {122},
	Year = {2010}}

@article{melgar2016,
	Author = {Melgar, Diego and LeVeque, Randall J and Dreger, Douglas S and Allen, Richard M},
	Date-Added = {2017-07-04 19:21:00 +0000},
	Date-Modified = {2017-08-03 01:55:46 +0000},
	Journal = {J. Geophys. Res-Sol. Ea.},
	Number = {9},
	Pages = {6658--6674},
	Publisher = {Wiley Online Library},
	Title = {Kinematic rupture scenarios and synthetic displacement data: An example application to the {C}ascadia {S}ubduction {Z}one},
	Volume = {121},
	Year = {2016}}

@article{witter2013,
	Author = {Witter, Robert C and Zhang, Yinglong J and Wang, Kelin and Priest, George R and Goldfinger, Chris and Stimely, Laura and English, John T and Ferro, Paul A},
	Date-Added = {2017-07-04 19:20:13 +0000},
	Date-Modified = {2017-08-02 23:43:57 +0000},
	Journal = {Geosphere},
	Number = {6},
	Pages = {1783--1803},
	Publisher = {Geological Society of America},
	Title = {Simulated tsunami inundation for a range of {C}ascadia megathrust earthquake scenarios at {B}andon, {O}regon, {USA}},
	Volume = {9},
	Year = {2013}}

@article{witter2011,
	Author = {Witter, Robert C and Zhang, Yinglong and Wang, Kelin and Priest, George R and Goldfinger, Chris and Stimely, Laura L and English, John T and Ferro, Paul A},
	Date-Added = {2017-07-04 19:19:28 +0000},
	Date-Modified = {2017-08-02 23:43:50 +0000},
	Journal = {Oregon Dept. Geol. and Mineral Industries Spec. Paper},
	Pages = {57},
	Publisher = {Citeseer},
	Title = {Simulating tsunami inundation at {B}andon, {C}oos {County}, {Oregon}, using hypothetical {C}ascadia and {A}laska earthquake scenarios},
	Volume = {43},
	Year = {2011}}

@article{priest2010confidence,
	Author = {Priest, George R and Goldfinger, Chris and Wang, Kelin and Witter, Robert C and Zhang, Yinglong and Baptista, Ant{\'o}nio M},
	Date-Added = {2017-07-04 19:18:12 +0000},
	Date-Modified = {2017-07-04 19:31:12 +0000},
	Journal = {Nat. Hazards},
	Number = {1},
	Pages = {27--73},
	Publisher = {Springer},
	Title = {Confidence levels for tsunami-inundation limits in northern {O}regon inferred from a 10,000-year history of great earthquakes at the {C}ascadia subduction zone},
	Volume = {54},
	Year = {2010}}

@article{lavallee2006,
	Author = {Lavall{\'e}e, Daniel and Liu, Pengcheng and Archuleta, Ralph J},
	Date-Added = {2017-07-04 19:16:38 +0000},
	Date-Modified = {2017-08-02 23:48:43 +0000},
	Journal = {Geophys. J. Int.},
	Number = {2},
	Pages = {622--640},
	Publisher = {Blackwell Publishing Ltd Oxford, UK},
	Title = {Stochastic model of heterogeneity in earthquake slip spatial distributions},
	Volume = {165},
	Year = {2006}}
